[{"product_id": "BTC-USD", "trade_id": "697601864", "price": "62575.67", "size": "0.00000015", "time": "2024-10-01T16:13:43.927684Z", "side": "SELL"}, {"product_id": "BTC-USD", "trade_id": "697601863", "price": "62575.66", "size": "0.00002811", "time": "2024-10-01T16:13:43.895453Z", "side": "SELL"}, {"product_id": "BTC-USD", "trade_id": "697601862", "price": "62582.55", "size": "0.05023922", "time": "2024-10-01T16:13:43.174076Z", "side": "SELL"}, {"product_id": "BTC-USD", "trade_id": "697601861", "price": "62582.05", "size": "0.00017251", "time": "2024-10-01T16:13:43.174076Z", "side": "SELL"}, {"product_id": "BTC-USD", "trade_id": "697601860", "price": "62581.74", "size": "0.00208", "time": "2024-10-01T16:13:43.174076Z", "side": "SELL"}, {"product_id": "BTC-USD", "trade_id": "697601859", "price": "62579.62", "size": "0.00208", "time": "2024-10-01T16:13:43.174076Z", "side": "SELL"}, {"product_id": "BTC-USD", "trade_id": "697601858", "price": "62579.52", "size": "0.01", "time": "2024-10-01T16:13:43.174076Z", "side": "SELL"}, {"product_id": "BTC-USD", "trade_id": "697601857", "price": "62579.51", "size": "0.00832365", "time": "2024-10-01T16:13:43.174076Z", "side": "SELL"}, {"product_id": "BTC-USD", "trade_id": "697601856", "price": "62579.5", "size": "0.00416186", "time": "2024-10-01T16:13:43.174076Z", "side": "SELL"}, {"product_id": "BTC-USD", "trade_id": "697601855", "price": "62579.49", "size": "0.00208097", "time": "2024-10-01T16:13:43.174076Z", "side": "SELL"}, {"product_id": "BTC-USD", "trade_id": "697601854", "price": "62579.48", "size": "0.00104058", "time": "2024-10-01T16:13:43.174076Z", "side": "SELL"}, {"product_id": "BTC-USD", "trade_id": "697601853", "price": "62579.47", "size": "0.00076028", "time": "2024-10-01T16:13:43.174076Z", "side": "SELL"}, {"product_id": "BTC-USD", "trade_id": "697601852", "price": "62579.47", "size": "0.00052035", "time": "2024-10-01T16:13:43.174076Z", "side": "SELL"}, {"product_id": "BTC-USD", "trade_id": "697601851", "price": "62579.46", "size": "0.00045248", "time": "2024-10-01T16:13:43.174076Z", "side": "SELL"}, {"product_id": "BTC-USD", "trade_id": "697601850", "price": "62578.79", "size": "0.00026036", "time": "2024-10-01T16:13:43.174076Z", "side": "SELL"}, {"product_id": "BTC-USD", "trade_id": "697601849", "price": "62578.78", "size": "0.00013024", "time": "2024-10-01T16:13:43.174076Z", "side": "SELL"}, {"product_id": "BTC-USD", "trade_id": "697601848", "price": "62577.11", "size": "0.00763909", "time": "2024-10-01T16:13:43.174076Z", "side": "SELL"}, {"product_id": "BTC-USD", "trade_id": "697601847", "price": "62572.5", "size": "0.04839871", "time": "2024-10-01T16:13:43.174076Z", "side": "SELL"}, {"product_id": "BTC-USD", "trade_id": "697601846", "price": "62572.5", "size": "0.0322658", "time": "2024-10-01T16:13:43.174076Z", "side": "SELL"}, {"product_id": "BTC-USD", "trade_id": "697601845", "price": "62572.49", "size": "0.0200228", "time": "2024-10-01T16:13:43.174076Z", "side": "SELL"}, {"product_id": "BTC-USD", "trade_id": "697601844", "price": "62572.49", "size": "0.00024659", "time": "2024-10-01T16:13:42.288954Z", "side": "SELL"}, {"product_id": "BTC-USD", "trade_id": "697601843", "price": "62574.64", "size": "0.00872581", "time": "2024-10-01T16:13:42.213834Z", "side": "SELL"}, {"product_id": "BTC-USD", "trade_id": "697601842", "price": "62576.69", "size": "0.00014256", "time": "2024-10-01T16:13:41.09731Z", "side": "SELL"}, {"product_id": "BTC-USD", "trade_id": "697601841", "price": "62576.7", "size": "0.01307866", "time": "2024-10-01T16:13:41.062215Z", "side": "SELL"}, {"product_id": "BTC-USD", "trade_id": "697601840", "price": "62576.69", "size": "0.03341023", "time": "2024-10-01T16:13:41.062215Z", "side": "SELL"}, {"product_id": "BTC-USD", "trade_id": "697601839", "price": "62573.95", "size": "0.00031941", "time": "2024-10-01T16:13:41.062215Z", "side": "SELL"}, {"product_id": "BTC-USD", "trade_id": "697601838", "price": "62573.95", "size": "0.00226789", "time": "2024-10-01T16:13:41.062215Z", "side": "SELL"}, {"product_id": "BTC-USD", "trade_id": "697601837", "price": "62573.95", "size": "0.00395423", "time": "2024-10-01T16:13:40.804599Z", "side": "SELL"}, {"product_id": "BTC-USD", "trade_id": "697601836", "price": "62569.04", "size": "0.00110699", "time": "2024-10-01T16:13:38.069486Z", "side": "SELL"}, {"product_id": "BTC-USD", "trade_id": "697601835", "price": "62569.04", "size": "0.00017251", "time": "2024-10-01T16:13:38.069486Z", "side": "SELL"}, {"product_id": "BTC-USD", "trade_id": "697601834", "price": "62568.49", "size": "0.00094307", "time": "2024-10-01T16:13:36.906566Z", "side": "BUY"}, {"product_id": "BTC-USD", "trade_id": "697601833", "price": "62568.51", "size": "0.00047524", "time": "2024-10-01T16:13:36.906566Z", "side": "BUY"}, {"product_id": "BTC-USD", "trade_id": "697601832", "price": "62568.52", "size": "0.00023771", "time": "2024-10-01T16:13:36.906566Z", "side": "BUY"}, {"product_id": "BTC-USD", "trade_id": "697601831", "price": "62568.52", "size": "0.00147943", "time": "2024-10-01T16:13:36.906566Z", "side": "BUY"}, {"product_id": "BTC-USD", "trade_id": "697601830", "price": "62569.72", "size": "0.02397325", "time": "2024-10-01T16:13:36.906566Z", "side": "BUY"}, {"product_id": "BTC-USD", "trade_id": "697601829", "price": "62570.08", "size": "0.00011886", "time": "2024-10-01T16:13:36.906566Z", "side": "BUY"}, {"product_id": "BTC-USD", "trade_id": "697601828", "price": "62570.09", "size": "0.00005946", "time": "2024-10-01T16:13:36.906566Z", "side": "BUY"}, {"product_id": "BTC-USD", "trade_id": "697601827", "price": "62570.1", "size": "0.00002979", "time": "2024-10-01T16:13:36.906566Z", "side": "BUY"}, {"product_id": "BTC-USD", "trade_id": "697601826", "price": "62571.54", "size": "0.00001746", "time": "2024-10-01T16:13:36.906566Z", "side": "BUY"}, {"product_id": "BTC-USD", "trade_id": "697601825", "price": "62573.94", "size": "0.06135513", "time": "2024-10-01T16:13:36.906566Z", "side": "BUY"}, {"product_id": "BTC-USD", "trade_id": "697601824", "price": "62573.94", "size": "0.00001326", "time": "2024-10-01T16:13:36.906566Z", "side": "BUY"}, {"product_id": "BTC-USD", "trade_id": "697601823", "price": "62573.95", "size": "0.00628", "time": "2024-10-01T16:13:36.885397Z", "side": "SELL"}, {"product_id": "BTC-USD", "trade_id": "697601822", "price": "62573.97", "size": "0.00595736", "time": "2024-10-01T16:13:36.743877Z", "side": "SELL"}, {"product_id": "BTC-USD", "trade_id": "697601821", "price": "62573.96", "size": "0.03341167", "time": "2024-10-01T16:13:36.743877Z", "side": "SELL"}, {"product_id": "BTC-USD", "trade_id": "697601820", "price": "62573.95", "size": "0.00166078", "time": "2024-10-01T16:13:36.743877Z", "side": "SELL"}, {"product_id": "BTC-USD", "trade_id": "697601819", "price": "62571.53", "size": "0.01671235", "time": "2024-10-01T16:13:36.743877Z", "side": "SELL"}, {"product_id": "BTC-USD", "trade_id": "697601818", "price": "62571.52", "size": "0.00087533", "time": "2024-10-01T16:13:34.363268Z", "side": "SELL"}, {"product_id": "BTC-USD", "trade_id": "697601817", "price": "62571.51", "size": "0.00152252", "time": "2024-10-01T16:13:33.984147Z", "side": "SELL"}, {"product_id": "BTC-USD", "trade_id": "697601816", "price": "62571.49", "size": "0.00033159", "time": "2024-10-01T16:13:33.653571Z", "side": "SELL"}, {"product_id": "BTC-USD", "trade_id": "697601815", "price": "62571.47", "size": "0.00042601", "time": "2024-10-01T16:13:33.653571Z", "side": "SELL"}, {"product_id": "BTC-USD", "trade_id": "697601814", "price": "62571.5", "size": "0.00037961", "time": "2024-10-01T16:13:33.548688Z", "side": "SELL"}, {"product_id": "BTC-USD", "trade_id": "697601813", "price": "62569.49", "size": "0.00000237", "time": "2024-10-01T16:13:33.486032Z", "side": "BUY"}, {"product_id": "BTC-USD", "trade_id": "697601812", "price": "62566.96", "size": "0.01462717", "time": "2024-10-01T16:13:33.002986Z", "side": "BUY"}, {"product_id": "BTC-USD", "trade_id": "697601811", "price": "62566.96", "size": "0.00173935", "time": "2024-10-01T16:13:33.002986Z", "side": "BUY"}, {"product_id": "BTC-USD", "trade_id": "697601810", "price": "62566.97", "size": "0.00087495", "time": "2024-10-01T16:13:33.002986Z", "side": "BUY"}, {"product_id": "BTC-USD", "trade_id": "697601809", "price": "62566.98", "size": "0.00043753", "time": "2024-10-01T16:13:33.002986Z", "side": "BUY"}, {"product_id": "BTC-USD", "trade_id": "697601808", "price": "62570.5", "size": "0.00028843", "time": "2024-10-01T16:13:32.568048Z", "side": "SELL"}, {"product_id": "BTC-USD", "trade_id": "697601807", "price": "62571.07", "size": "0.00079082", "time": "2024-10-01T16:13:32.030407Z", "side": "SELL"}, {"product_id": "BTC-USD", "trade_id": "697601806", "price": "62573.93", "size": "0.0000131", "time": "2024-10-01T16:13:31.883893Z", "side": "BUY"}, {"product_id": "BTC-USD", "trade_id": "697601805", "price": "62573.94", "size": "0.00024275", "time": "2024-10-01T16:13:31.883893Z", "side": "BUY"}, {"product_id": "BTC-USD", "trade_id": "697601804", "price": "62574.12", "size": "0.00413952", "time": "2024-10-01T16:13:31.883893Z", "side": "BUY"}, {"product_id": "BTC-USD", "trade_id": "697601803", "price": "62574.12", "size": "0.0054793", "time": "2024-10-01T16:13:31.883893Z", "side": "BUY"}, {"product_id": "BTC-USD", "trade_id": "697601802", "price": "62574.03", "size": "0.089", "time": "2024-10-01T16:13:31.879447Z", "side": "BUY"}, {"product_id": "BTC-USD", "trade_id": "697601801", "price": "62574.11", "size": "0.004063", "time": "2024-10-01T16:13:31.879447Z", "side": "BUY"}, {"product_id": "BTC-USD", "trade_id": "697601800", "price": "62574.11", "size": "0.00045246", "time": "2024-10-01T16:13:31.879447Z", "side": "BUY"}, {"product_id": "BTC-USD", "trade_id": "697601799", "price": "62581.64", "size": "0.00002636", "time": "2024-10-01T16:13:31.755096Z", "side": "BUY"}, {"product_id": "BTC-USD", "trade_id": "697601798", "price": "62581.64", "size": "0.00051692", "time": "2024-10-01T16:13:31.755096Z", "side": "BUY"}, {"product_id": "BTC-USD", "trade_id": "697601797", "price": "62581.65", "size": "0.00001594", "time": "2024-10-01T16:13:31.42239Z", "side": "SELL"}, {"product_id": "BTC-USD", "trade_id": "697601796", "price": "62581.65", "size": "0.00551046", "time": "2024-10-01T16:13:31.160051Z", "side": "SELL"}, {"product_id": "BTC-USD", "trade_id": "697601795", "price": "62581.65", "size": "0.0015", "time": "2024-10-01T16:13:31.160051Z", "side": "SELL"}, {"product_id": "BTC-USD", "trade_id": "697601794", "price": "62573.97", "size": "0.0060214", "time": "2024-10-01T16:13:31.107043Z", "side": "BUY"}, {"product_id": "BTC-USD", "trade_id": "697601793", "price": "62573.98", "size": "0.003", "time": "2024-10-01T16:13:31.107043Z", "side": "BUY"}, {"product_id": "BTC-USD", "trade_id": "697601792", "price": "62578.21", "size": "0.00045243", "time": "2024-10-01T16:13:31.107043Z", "side": "BUY"}, {"product_id": "BTC-USD", "trade_id": "697601791", "price": "62578.21", "size": "0.00017251", "time": "2024-10-01T16:13:31.107043Z", "side": "BUY"}, {"product_id": "BTC-USD", "trade_id": "697601790", "price": "62582.82", "size": "0.00017251", "time": "2024-10-01T16:13:31.055949Z", "side": "SELL"}, {"product_id": "BTC-USD", "trade_id": "697601789", "price": "62582.24", "size": "0.0015", "time": "2024-10-01T16:13:31.055949Z", "side": "SELL"}, {"product_id": "BTC-USD", "trade_id": "697601788", "price": "62578.99", "size": "0.11136326", "time": "2024-10-01T16:13:31.055949Z", "side": "SELL"}, {"product_id": "BTC-USD", "trade_id": "697601787", "price": "62578.98", "size": "0.03340901", "time": "2024-10-01T16:13:31.055949Z", "side": "SELL"}, {"product_id": "BTC-USD", "trade_id": "697601786", "price": "62578.22", "size": "0.07699", "time": "2024-10-01T16:13:31.055949Z", "side": "SELL"}, {"product_id": "BTC-USD", "trade_id": "697601785", "price": "62581.04", "size": "0.00045241", "time": "2024-10-01T16:13:30.930632Z", "side": "BUY"}, {"product_id": "BTC-USD", "trade_id": "697601784", "price": "62582.24", "size": "0.0004524", "time": "2024-10-01T16:13:30.818783Z", "side": "BUY"}, {"product_id": "BTC-USD", "trade_id": "697601783", "price": "62583.71", "size": "0.00045239", "time": "2024-10-01T16:13:30.697617Z", "side": "BUY"}, {"product_id": "BTC-USD", "trade_id": "697601782", "price": "62584.45", "size": "0.0000131", "time": "2024-10-01T16:13:30.638715Z", "side": "BUY"}, {"product_id": "BTC-USD", "trade_id": "697601781", "price": "62585.58", "size": "0.126", "time": "2024-10-01T16:13:30.638715Z", "side": "BUY"}, {"product_id": "BTC-USD", "trade_id": "697601780", "price": "62585.57", "size": "0.06135513", "time": "2024-10-01T16:13:30.630806Z", "side": "BUY"}, {"product_id": "BTC-USD", "trade_id": "697601779", "price": "62587.17", "size": "0.02396657", "time": "2024-10-01T16:13:30.613943Z", "side": "BUY"}, {"product_id": "BTC-USD", "trade_id": "697601778", "price": "62587.18", "size": "0.0015", "time": "2024-10-01T16:13:30.613943Z", "side": "BUY"}, {"product_id": "BTC-USD", "trade_id": "697601777", "price": "62588.94", "size": "0.00004146", "time": "2024-10-01T16:13:30.613801Z", "side": "BUY"}, {"product_id": "BTC-USD", "trade_id": "697601776", "price": "62588.94", "size": "0.00004594", "time": "2024-10-01T16:13:30.613801Z", "side": "BUY"}, {"product_id": "BTC-USD", "trade_id": "697601775", "price": "62588.94", "size": "0.00013866", "time": "2024-10-01T16:13:30.613801Z", "side": "BUY"}, {"product_id": "BTC-USD", "trade_id": "697601774", "price": "62591.33", "size": "0.01257459", "time": "2024-10-01T16:13:30.24538Z", "side": "SELL"}, {"product_id": "BTC-USD", "trade_id": "697601773", "price": "62591.32", "size": "0.00342541", "time": "2024-10-01T16:13:30.24538Z", "side": "SELL"}, {"product_id": "BTC-USD", "trade_id": "697601772", "price": "62591.97", "size": "0.0001831", "time": "2024-10-01T16:13:29.916967Z", "side": "SELL"}, {"product_id": "BTC-USD", "trade_id": "697601771", "price": "62591.96", "size": "0.0000169", "time": "2024-10-01T16:13:29.916967Z", "side": "SELL"}, {"product_id": "BTC-USD", "trade_id": "697601770", "price": "62592.01", "size": "0.0056662", "time": "2024-10-01T16:13:28.929507Z", "side": "SELL"}, {"product_id": "BTC-USD", "trade_id": "697601769", "price": "62592", "size": "0.00002565", "time": "2024-10-01T16:13:28.929507Z", "side": "SELL"}, {"product_id": "BTC-USD", "trade_id": "697601768", "price": "62592.01", "size": "0.00004839", "time": "2024-10-01T16:13:28.530437Z", "side": "SELL"}, {"product_id": "BTC-USD", "trade_id": "697601767", "price": "62592.01", "size": "0.00008093", "time": "2024-10-01T16:13:28.530437Z", "side": "SELL"}, {"product_id": "BTC-USD", "trade_id": "697601766", "price": "62592", "size": "0.00008219", "time": "2024-10-01T16:13:28.530437Z", "side": "SELL"}, {"product_id": "BTC-USD", "trade_id": "697601765", "price": "62591.99", "size": "0.00004116", "time": "2024-10-01T16:13:28.530437Z", "side": "SELL"}, {"product_id": "BTC-USD", "trade_id": "697601866", "price": "62573.79", "size": "0.00158565", "time": "2024-10-01T16:13:47.209868Z", "side": "SELL"}, {"product_id": "BTC-USD", "trade_id": "697601865", "price": "62572.68", "size": "0.0007876", "time": "2024-10-01T16:13:47.209868Z", "side": "SELL"}, {"product_id": "BTC-USD", "trade_id": "697601873", "price": "62573.79", "size": "0.0019438", "time": "2024-10-01T16:13:47.737554Z", "side": "SELL"}, {"product_id": "BTC-USD", "trade_id": "697601872", "price": "62573.78", "size": "0.00006007", "time": "2024-10-01T16:13:47.737554Z", "side": "SELL"}, {"product_id": "BTC-USD", "trade_id": "697601871", "price": "62572.49", "size": "0.00075", "time": "2024-10-01T16:13:47.737554Z", "side": "SELL"}, {"product_id": "BTC-USD", "trade_id": "697601870", "price": "62570.19", "size": "0.01841667", "time": "2024-10-01T16:13:47.711269Z", "side": "BUY"}, {"product_id": "BTC-USD", "trade_id": "697601869", "price": "62572.46", "size": "0.00006127", "time": "2024-10-01T16:13:47.711269Z", "side": "BUY"}, {"product_id": "BTC-USD", "trade_id": "697601868", "price": "62572.46", "size": "0.00001326", "time": "2024-10-01T16:13:47.711269Z", "side": "BUY"}, {"product_id": "BTC-USD", "trade_id": "697601867", "price": "62572.48", "size": "0.00000015", "time": "2024-10-01T16:13:47.711269Z", "side": "BUY"}, {"product_id": "BTC-USD", "trade_id": "697601874", "price": "62573.78", "size": "0.00663376", "time": "2024-10-01T16:13:49.162203Z", "side": "SELL"}, {"product_id": "BTC-USD", "trade_id": "697601875", "price": "62579.37", "size": "0.00029283", "time": "2024-10-01T16:13:49.358034Z", "side": "SELL"}, {"product_id": "BTC-USD", "trade_id": "697601903", "price": "62561.25", "size": "0.03281359", "time": "2024-10-01T16:13:49.899644Z", "side": "BUY"}, {"product_id": "BTC-USD", "trade_id": "697601902", "price": "62561.26", "size": "0.03841498", "time": "2024-10-01T16:13:49.899644Z", "side": "BUY"}, {"product_id": "BTC-USD", "trade_id": "697601901", "price": "62562", "size": "0.00031728", "time": "2024-10-01T16:13:49.899644Z", "side": "BUY"}, {"product_id": "BTC-USD", "trade_id": "697601900", "price": "62562.09", "size": "0.04", "time": "2024-10-01T16:13:49.899644Z", "side": "BUY"}, {"product_id": "BTC-USD", "trade_id": "697601899", "price": "62562.1", "size": "0.05412373", "time": "2024-10-01T16:13:49.899644Z", "side": "BUY"}, {"product_id": "BTC-USD", "trade_id": "697601898", "price": "62562.25", "size": "0.01", "time": "2024-10-01T16:13:49.899644Z", "side": "BUY"}, {"product_id": "BTC-USD", "trade_id": "697601897", "price": "62562.62", "size": "0.00208", "time": "2024-10-01T16:13:49.899644Z", "side": "BUY"}, {"product_id": "BTC-USD", "trade_id": "697601896", "price": "62562.68", "size": "0.09802209", "time": "2024-10-01T16:13:49.899644Z", "side": "BUY"}, {"product_id": "BTC-USD", "trade_id": "697601895", "price": "62562.69", "size": "0.03003067", "time": "2024-10-01T16:13:49.899644Z", "side": "BUY"}, {"product_id": "BTC-USD", "trade_id": "697601894", "price": "62562.93", "size": "0.04", "time": "2024-10-01T16:13:49.899644Z", "side": "BUY"}, {"product_id": "BTC-USD", "trade_id": "697601893", "price": "62563", "size": "0.00470506", "time": "2024-10-01T16:13:49.899644Z", "side": "BUY"}, {"product_id": "BTC-USD", "trade_id": "697601892", "price": "62564.74", "size": "0.00208", "time": "2024-10-01T16:13:49.899644Z", "side": "BUY"}, {"product_id": "BTC-USD", "trade_id": "697601891", "price": "62565.68", "size": "0.00027427", "time": "2024-10-01T16:13:49.899644Z", "side": "BUY"}, {"product_id": "BTC-USD", "trade_id": "697601890", "price": "62565.68", "size": "0.00017251", "time": "2024-10-01T16:13:49.899644Z", "side": "BUY"}, {"product_id": "BTC-USD", "trade_id": "697601889", "price": "62566.87", "size": "0.00208", "time": "2024-10-01T16:13:49.899644Z", "side": "BUY"}, {"product_id": "BTC-USD", "trade_id": "697601888", "price": "62567.49", "size": "0.17744078", "time": "2024-10-01T16:13:49.899644Z", "side": "BUY"}, {"product_id": "BTC-USD", "trade_id": "697601887", "price": "62567.52", "size": "0.05090252", "time": "2024-10-01T16:13:49.899644Z", "side": "BUY"}, {"product_id": "BTC-USD", "trade_id": "697601886", "price": "62567.52", "size": "0.01863803", "time": "2024-10-01T16:13:49.899644Z", "side": "BUY"}, {"product_id": "BTC-USD", "trade_id": "697601885", "price": "62568.99", "size": "0.00208", "time": "2024-10-01T16:13:49.899644Z", "side": "BUY"}, {"product_id": "BTC-USD", "trade_id": "697601884", "price": "62570.19", "size": "0.22108333", "time": "2024-10-01T16:13:49.899644Z", "side": "BUY"}, {"product_id": "BTC-USD", "trade_id": "697601883", "price": "62570.2", "size": "0.06632503", "time": "2024-10-01T16:13:49.899644Z", "side": "BUY"}, {"product_id": "BTC-USD", "trade_id": "697601882", "price": "62571.12", "size": "0.00208", "time": "2024-10-01T16:13:49.899644Z", "side": "BUY"}, {"product_id": "BTC-USD", "trade_id": "697601881", "price": "62572.46", "size": "0.00001326", "time": "2024-10-01T16:13:49.899644Z", "side": "BUY"}, {"product_id": "BTC-USD", "trade_id": "697601880", "price": "62573.45", "size": "0.02397182", "time": "2024-10-01T16:13:49.899644Z", "side": "BUY"}, {"product_id": "BTC-USD", "trade_id": "697601879", "price": "62573.69", "size": "0.06135513", "time": "2024-10-01T16:13:49.899644Z", "side": "BUY"}, {"product_id": "BTC-USD", "trade_id": "697601878", "price": "62573.7", "size": "0.01903456", "time": "2024-10-01T16:13:49.899644Z", "side": "BUY"}, {"product_id": "BTC-USD", "trade_id": "697601877", "price": "62573.78", "size": "0.00150891", "time": "2024-10-01T16:13:49.899644Z", "side": "BUY"}, {"product_id": "BTC-USD", "trade_id": "697601876", "price": "62575.4", "size": "0.00045245", "time": "2024-10-01T16:13:49.899644Z", "side": "BUY"}, {"product_id": "BTC-USD", "trade_id": "697601904", "price": "62570.59", "size": "0.00075956", "time": "2024-10-01T16:13:50.11125Z", "side": "SELL"}, {"product_id": "BTC-USD", "trade_id": "697601905", "price": "62570.59", "size": "0.0007596", "time": "2024-10-01T16:13:50.596169Z", "side": "SELL"}, {"product_id": "BTC-USD", "trade_id": "697601907", "price": "62570.59", "size": "0.00152299", "time": "2024-10-01T16:13:51.028638Z", "side": "SELL"}, {"product_id": "BTC-USD", "trade_id": "697601906", "price": "62570.59", "size": "0.00260976", "time": "2024-10-01T16:13:50.987824Z", "side": "SELL"}, {"product_id": "BTC-USD", "trade_id": "697601908", "price": "62570.59", "size": "0.00152285", "time": "2024-10-01T16:13:51.071982Z", "side": "SELL"}, {"product_id": "BTC-USD", "trade_id": "697601909", "price": "62570.59", "size": "0.00075169", "time": "2024-10-01T16:13:51.167665Z", "side": "SELL"}, {"product_id": "BTC-USD", "trade_id": "697601911", "price": "62570.59", "size": "0.00221434", "time": "2024-10-01T16:13:51.434368Z", "side": "SELL"}, {"product_id": "BTC-USD", "trade_id": "697601910", "price": "62570.59", "size": "0.00031641", "time": "2024-10-01T16:13:51.359992Z", "side": "SELL"}, {"product_id": "BTC-USD", "trade_id": "697601913", "price": "62570.59", "size": "0.00014255", "time": "2024-10-01T16:13:51.469811Z", "side": "SELL"}, {"product_id": "BTC-USD", "trade_id": "697601912", "price": "62570.59", "size": "0.00118625", "time": "2024-10-01T16:13:51.452746Z", "side": "SELL"}, {"product_id": "BTC-USD", "trade_id": "697601914", "price": "62570.58", "size": "0.00008457", "time": "2024-10-01T16:13:52.073003Z", "side": "BUY"}]